<record><leader>00000cas a2200000 a 4500</leader><controlfield tag="001">47941329</controlfield><controlfield tag="008">010911u1uuuuuuumiuwr n       0    0eng c</controlfield><datafield ind1=" " ind2=" " tag="010"><subfield code="a">sn2001063733</subfield></datafield><datafield ind1=" " ind2=" " tag="040"><subfield code="a">MHN</subfield><subfield code="b">eng</subfield><subfield code="c">MHN</subfield><subfield code="d">OCLCQ</subfield><subfield code="d">OCLCF</subfield><subfield code="d">OCLCO</subfield></datafield><datafield ind1="1" ind2=" " tag="029"><subfield code="a">AU@</subfield><subfield code="b">000022995509</subfield></datafield><datafield ind1=" " ind2=" " tag="042"><subfield code="a">pcc</subfield></datafield><datafield ind1=" " ind2=" " tag="043"><subfield code="a">n-us-mi</subfield></datafield><datafield ind1="0" ind2="4" tag="245"><subfield code="a">The Oscoda press.</subfield></datafield><datafield ind1="1" ind2="7" tag="246"><subfield code="a">Oscoda (Michigan) press</subfield></datafield><datafield ind1=" " ind2=" " tag="260"><subfield code="a">Oscoda, Mich. :</subfield><subfield code="b">K. Berkeley Smith</subfield></datafield><datafield ind1=" " ind2=" " tag="300"><subfield code="a">v.</subfield></datafield><datafield ind1=" " ind2=" " tag="310"><subfield code="a">Weekly</subfield></datafield><datafield ind1=" " ind2=" " tag="588"><subfield code="a">Description based on: Vol. 82, no. 44 (Nov. 7, 1962).</subfield></datafield><datafield ind1=" " ind2="0" tag="651"><subfield code="a">Oscoda (Mich.)</subfield><subfield code="v">Newspapers.</subfield></datafield><datafield ind1=" " ind2="0" tag="651"><subfield code="a">Iosco County (Mich.)</subfield><subfield code="v">Newspapers.</subfield></datafield><datafield ind1=" " ind2="7" tag="655"><subfield code="a">Newspapers.</subfield><subfield code="2">fast</subfield><subfield code="0">(OCoLC)fst01423814</subfield></datafield><datafield ind1=" " ind2="7" tag="651"><subfield code="a">Michigan</subfield><subfield code="z">Iosco County.</subfield><subfield code="2">fast</subfield><subfield code="0">(OCoLC)fst01214767</subfield></datafield><datafield ind1=" " ind2="7" tag="651"><subfield code="a">Michigan</subfield><subfield code="z">Oscoda.</subfield><subfield code="2">fast</subfield><subfield code="0">(OCoLC)fst01224830</subfield></datafield><datafield ind1=" " ind2=" " tag="752"><subfield code="a">United States</subfield><subfield code="b">Michigan</subfield><subfield code="c">Iosco</subfield><subfield code="d">Oscoda.</subfield></datafield></record>